% This file was created with JabRef 2.5.
% Encoding: UTF-8
%
@Inproceedings {Mik2011,
author       = {Tomas Mikolov and Stefan Kombrink and Anoop Deoras and Lukar Burget and Jan Honza
                Cernocky},
month        = {December},
publisher    = {IEEE Automatic Speech Recognition and Understanding Workshop},
title        = {RNNLM - Recurrent Neural Network Language Modeling Toolkit},
year         = {2011},
}

@Inproceedings{rong2015,
  author = {Rong-En F. and Kai-Wei C. and CHo-Jui H. and Xiang-Rui W. and Chih-Jen L.},
  year = {2015},
  month = {July},
  title = {LIBLINEAR: a library for Large Linear Classification},
  journal = {Journal of Machine Learning Research 9},
}


@Inproceedings{Mik2014,
  author = {Quoc V. Le and Tomas Mikolov},
  year = {2014},
  title = { Distributed representations of sentences and documents},
  journal = {31th International Conference on Machine Learning}
}
@INPROCEEDINGS{Ens2015,
	author = {Gregoire Mesnil and Tomas Mikolov and Yoshua Bengio},
	title = {Ensemble of Generative and Discriminative Techniques For Sentiment Analysis of Movie Reviews},
	booktitle = {Proceeding of the International Conference of learning Representations},
	year = {2015},
	otherinfo = {}
}

@article{Mik2013,
  author = {Tomas Mikolov and Greg Corrado and Ilya Sutskever and Kay Chen and Jeffrey Dean},
  year = {2013},
  month = {October},
  title = {Distributed Representations of Words and Phrases and their Compositionality},
  publisher = {},
}
@PHDTHESIS{Miktesi,
	author = {Tomas Mikolov},
	title = {Statistical language models based on neural networks},
	school = {Faculty of Information Technology},
	year = {2012},
	otherinfo = {}
}

@article{MikRNN,
  author = {Tomas Mikolov and Stefan Kombrink and Lukas Burget and J.H. Cernocky and Sanjeev khudanpur},
  year = {2011},
  month = {March},
  title = {Extensions of recurrent neural network language model},
  journal = {IEEE Xplore},
}

@article{MikEmp,
  author = {Tomas Mikolov and Anoop Deoras and Stefan Kombrink and Lukas Burget and Jan Cernocky},
  year = {2011},
  month = {January},
  title = {Empirical Evaluation and Combination of Advanced Language Modeling Techniques},
  journal = {SpeechFIT},
}

@article{Mik2010,
  author = {Tomas Mikolov and Martin Karafiat and Lukas Burget and Jan cernocky and Sanjeev Khudanpur},
  year = {2010},
  month = {October},
  title = {Recurrent neural networks based language model},
  journal = {Interspeech},
}

@article{chih2010,
  author = {chih-Wei Hsu and Chih-Chung Chang and Chih-Jen Lin},
  year = {2013},
  month = {April},
  title = {A Practical Guide to Support Vector Classification},
  publisher = {National Taiwan University},
}

@article{Mik20131,
  author = {Tomas Mikolov and Greg Corrado and Kay Chen and Jeffrey Dean},
  year = {2013},
  month = {September},
  title = {Efficient Estimation of Word Representations in Vector Space},
  publisher = {},
}

@BOOK{liu2012,
  title = {Sentiment Analysis and Opinion Mining},
  publisher = {Synthesis lectures on human language technologies},
  year = {2012},
  author = {Bing Liu},
  pages = {343-376},
}

@Book{Baroni2010,
  title = {Distributional memori: A general framework for corpus-based semantics.},
  publisher = {Computational Linguistics},
  year = {2010},
  author = {Marco Baroni and Alessandro Lenci},
  pages = {673-721},
}

@article{Bengio2003,
  title = {A neural probabilistic language model},
  publisher = {Journal of Machine Learning Research},
  year = {2003},
  author = {Yoshua Bengio and Requean Ducharme and Pascal Vincent and Christian Janvin},
  pages = {1137-1155},
}

@ARTICLE{Collobert2011,
	author = {Ronan Collobert and Jason Weston and Leon Bottou and Michael Karlen and Pavel Kuksa},
	title = {Natural language processing (almost) from scratch.},
	journal = {Journal of Machine Learning reserch},
	year = {2011},
}
